@article{s4,
author = {Google},
title = {"Number of Google Play Store apps 2017 | Statistic". Statista. Retrieved },
day={03},
month = {01},
year = {2018},
url = {https://www.statista.com/statistics/266210/number-of-available-applications-in-the-google-play-storel}
}

@article{s2,
author = {Alabaster, Jay },
title = {"Android founder: We aimed to make a camera OS". PC World. International Data Group. Retrieved May 9, 2017. },
day={16},
month = {04},
year = {2013},
url = {https://www.pcworld.com/article/2034723/android-founder-we-aimed-to-make-a-camera-os.htmll}
}

@article{s5,
author = {Chavez, Chris  },
title = {"Real Racing 2 Speeds Into The Android Market â€“ Leaves Part 1 In The Dust". Phandroid. Retrieved March 12, 2017. },
day={16},
month = {04},
year = {2013},
url = {https://phandroid.com/2011/12/22/real-racing-2-speeds-into-the-android-market-leaves-part-1-in-the-dust}
}
@article{s1,
author = {Google  },
title = {Google },
url = {https://en.wikipedia.org/wiki/Google}
}
@article{s3,
author = {Welch, Chris  },
title = {"Before it took over smartphones, Android was originally destined for cameras". The Verge. Vox Media. Retrieved May 9, 2017 },
day={16},
month = {April},
year = {2013},
url = {https://www.theverge.com/2013/4/16/4230468/android-originally-designed-for-cameras-before-smartphones}
}